@INPROCEEDINGS{Liu:MSST:12,
        author={N. Liu and J. Cope and P. Carns and C. Carothers and R. Ross and G. Grider and A. Crume and C. Maltzahn},
        booktitle={2012 IEEE 28th Symposium on Mass Storage Systems and Technologies (MSST)},
        title={On the role of burst buffers in leadership-class storage systems},
        year={2012},
        pages={1-11},
        month={April},
}

@MISC{SlurmBBGuide,
        title = {{Slurm Burst Buffer Guide}},
        year = {2015},
        howpublished = "\url{http://slurm.schedmd.com/burst_buffer.html#interactive}",
}

@TECHREPORT{TrinitySystem,
        title = {{Trinity Platform Introduction and Usage Model}},
        year = {2015},
        month={August},
        author={{ACES Team}},
        howpublished = "\url{http://www.lanl.gov/projects/trinity/_assets/docs/trinity-usage-model-presentation.pdf}",
}

@ARTICLE{Romanus:CORR:15,
        author    = {Melissa Romanus and Robert B. Ross and Manish Parashar},
        title     = {Challenges and Considerations for Utilizing Burst Buffers in High-Performance Computing},
        journal   = {CoRR},
        volume    = {abs/1509.05492},
        year      = {2015},
        url       = {http://arxiv.org/abs/1509.05492},
        timestamp = {Thu, 01 Oct 2015 14:28:48 +0200},
        biburl    = {http://dblp.uni-trier.de/rec/bib/journals/corr/RomanusRP15},
        bibsource = {dblp computer science bibliography, http://dblp.org}
}




